@Article{drake,
	author  = {Drake, F.D.},
	title   = {Discussion of Space Science Board},
	journal = {National Academy of Sciences Conference on Extraterrestrial Intelligent Life},
	year    = {1961}
}

@Article{sagan,
	author  = {Sclkovskii, I.S. and Sagan, C.},
	journal = {Intelligent Life in the Universe},
	year    = {1966}
}

@Article{steven,
	author  = {Steven, G.W.},
	title   = {The Drake Equation Re-examined},
	journal = {Q.Jl Royal Astronomical Society},
	year    = {1981}
}

@Article{mt1,
	author  = {Nishimura, T.},
	title   = {Tables of 64-bit Mersenne Twisters},
	journal = {ACM Transactions on Modeling and
	Computer Simulation 10},
	year    = {2000},
	pages = {348-357}	
}

@Article{mt2,
	author = {Matsumoto, M. and Nishimura, T.},
	title = {Mersenne Twister: a 623-dimensionally equidistributed
		uniform pseudorandom number generator},
	journal = {ACM Transactions on Modeling and 
		Computer Simulation 8},
	year = {1998},
	pages = {3-30}
}

@Article{splinter,
	title  = {Spline interpolation},
	journal = {Wikipedia, The Free Encyclopedia},
	note = {[Retrieved: December 12, 2014]}
}

@Article{thomas,
	title = {Tridiagonal matrix algorithm},
	journal = {Wikipedia, The Free Encyclopedia},
	note = {[Retrieved: December 12, 2014]}
}

@Article{forgan1,
	author = {Forgan, D.},
	title = {A numerical testbed for hypotheses of extraterrestrial life and intelligence},
	journal = {International Journal of Astrobiology},
	year = {2009}
}

@Article{forgan2,
	author = {Forgan, D. and Rice, K.},
	title = {Numerical Testbed of the Rare Earth Hypothesis
		using Monte Carlo Realization Techniques},
	journal = {International Journal of Astrobiology},
	year = {2010}
}
